<?xml version="1.0" encoding="UTF-8"?><collection xmlns="http://www.loc.gov/MARC21/slim"><record><leader>00472nam--2200157-i-4500</leader><controlfield tag="001">000006195</controlfield><controlfield tag="002">20161230</controlfield><controlfield tag="005">20170111003838</controlfield><controlfield tag="008">060222s1000------------r-----000-0-eng-d</controlfield><datafield ind1=" " ind2=" " tag="100"><subfield code="a">Achermann, A.H</subfield></datafield><datafield ind1=" " ind2=" " tag="245"><subfield code="a">A flame sprayed ceramic-metal heating element for the heating of metallic walls of vacuum chambers for accelerated outgassing</subfield></datafield><datafield ind1=" " ind2=" " tag="260"><subfield code="a">Geneve</subfield><subfield code="b">Cern</subfield><subfield code="c">1962</subfield></datafield><datafield ind1=" " ind2=" " tag="300"><subfield code="a">10 p. + 6 Figuri</subfield></datafield><datafield ind1=" " ind2=" " tag="490"><subfield code="a">62-28</subfield></datafield><datafield ind1=" " ind2=" " tag="852"><subfield code="a">13458</subfield></datafield><datafield ind1=" " ind2=" " tag="CAT"><subfield code="a">SYS</subfield><subfield code="c">20170111</subfield><subfield code="h">003838</subfield></datafield></record></collection>